<?xml version="1.0" encoding="UTF-8"?><collection><record><leader>05957ntm a2200565 a 4500</leader><controlfield tag="001">006833925</controlfield><controlfield tag="003">MiAaHDL</controlfield><controlfield tag="005">20190719000000.0</controlfield><controlfield tag="006">m        d        </controlfield><controlfield tag="007">cr bn ---auaua</controlfield><controlfield tag="008">090702s193u    xx            00| ||ara d</controlfield><datafield tag="035" ind1=" " ind2=" "><subfield code="a">(MiU)006833925</subfield></datafield><datafield tag="035" ind1=" " ind2=" "><subfield code="a">sdr-miu006833925</subfield></datafield><datafield tag="040" ind1=" " ind2=" "><subfield code="a">MiU</subfield><subfield code="c">MiU</subfield><subfield code="e">amremm</subfield></datafield><datafield tag="043" ind1=" " ind2=" "><subfield code="a">n-us-mi</subfield></datafield><datafield tag="100" ind1="1" ind2=" "><subfield code="6">880-01</subfield><subfield code="a">Ṣadr al-Dīn al-Qūnawī, Muḥammad ibn Isḥāq,</subfield><subfield code="d">-1273 or 1274.</subfield></datafield><datafield tag="245" ind1="1" ind2="0"><subfield code="6">880-03</subfield><subfield code="a">Miftāḥ ghayb al-jamʻ wa-al-wujūd,</subfield><subfield code="f">[193-?].</subfield></datafield><datafield tag="246" ind1="3" ind2="8"><subfield code="a">مفتاح غيب الجمع والوجود</subfield></datafield><datafield tag="260" ind1=" " ind2=" "><subfield code="c">[193-?].</subfield></datafield><datafield tag="300" ind1=" " ind2=" "><subfield code="a">186 leaves :</subfield><subfield code="b">paper ;</subfield><subfield code="c">212 x 155-168 mm. bound to 221 x 178 mm.</subfield></datafield><datafield tag="500" ind1=" " ind2=" "><subfield code="a">Shelfmark: Ann Arbor, University of Michigan, Special Collections Library, Isl. Ms. 993</subfield></datafield><datafield tag="500" ind1=" " ind2=" "><subfield code="a">Origin: Lacks dated colophon ; likely copied in Egypt in the late 1930s and bound for James Heyworth-Dunne (d.1974).</subfield></datafield><datafield tag="500" ind1=" " ind2=" "><subfield code="a">Former shelfmark: Mich. Isl. Ms. temp. no. 142</subfield></datafield><datafield tag="500" ind1=" " ind2=" "><subfield code="a">Binding: Boards covered in dark green cloth with dark green leather over spine (quarter binding) ; pastedowns and flyleaves in wove paper printed with a floral vegetal pattern in green ; spine gold-stamped with title and decorative accents over raised bands "مفتاح غيب الجمع والوجود | J.H.D." ; sewn in white thread over three recessed cords ; stuck-on endbands (blue and white stripe) ; overall in fairly good condition.</subfield></datafield><datafield tag="500" ind1=" " ind2=" "><subfield code="a">Support: Machine laid and wove paper of several types ; opening and later sections (mainly pp.2-56, 141-172) in a machine laid paper with watermarks of arms / scrollwork with seated Britannia under crown (see pp.2, 141, 156, etc.) and "HERTFORDSHIRE MILLS" (see pp.20, 143, etc.) ; other sections on a ruled wove paper (see pp.57-104, 311-340) ; still other sections (see pp.107-140,217-224, 341-372) in a machine wove type with watermarks (in a few instances seeming embossed, see p.114, etc.) of what appears to be a head portrait (bordered in branches with a ribbon) and tuğra / ṭughrā of the sultan ; pp.245-292 in still another type with watermark of "GOUVERNEMENT EGYPTIEN" with star and crescent at center and other smaller crescents with three stars (see pp.246, 258, 262, etc. and compare Walz, "The Paper trade of Egypt and the Sudan," p.91).</subfield></datafield><datafield tag="500" ind1=" " ind2=" "><subfield code="a">Decoration: Headings, keywords, symbols, vocalization and glosses rubricated.</subfield></datafield><datafield tag="500" ind1=" " ind2=" "><subfield code="a">Script: Naskh ; elegant modern hand in a medium line ; partially but irregularly seriffed with effect of tilt to the left, curvilinear descenders, many open counters, pointing in conjoined dots, final yāʼ usually left unpointed, fully vocalized in some sections ; glosses and closing portions of the matn in ruqʻah.</subfield></datafield><datafield tag="500" ind1=" " ind2=" "><subfield code="a">Layout: Written mainly in 9-13 lines per page with gloss in varying number of lines in the margins.</subfield></datafield><datafield tag="500" ind1=" " ind2=" "><subfield code="a">Collation: i, 7 II(28), 3 IV(52), V (62), IV (80), 7 II(98), 7 IV(154), V (164), III (170), 2 IV(186), i ; chiefly binions and quaternions ; quire numbering in the form of Hindu-Arabic numerals in pencil in the lower margin of the opening recto of almost every gathering ; pagination in pencil, Western numerals, supplied during digitization.</subfield></datafield><datafield tag="500" ind1=" " ind2=" "><subfield code="a">Explicit: [Miftāḥ ghayb al-jamʻ wa-al-wujūd] "والصون الذي بين يديها فمن [وفق] في فعل او قول فانت الذي وفقته وسددته"</subfield></datafield><datafield tag="500" ind1=" " ind2=" "><subfield code="a">Incipit: [Miftāḥ ghayb al-jamʻ wa-al-wujūd] "اللهم احمد نفسك عمن امرته ان يتخذك وكيلا حمدا عائدا منك اليك متحدا بك لا منقسما ولا مفصولا ... وبعد فالعلوم منها امهات اصلية" ; [Miṣbāḥ al-uns] "سبحانك اللهم وبحمدك حمدا يرتضيه ذاتك الذي لا يحوم حول عزه الاحمى ذكر ولا عبارة ..."</subfield></datafield><datafield tag="500" ind1=" " ind2=" "><subfield code="a">Title from inscription on 'title page' (p.1) and rubricated heading at opening on p.2.</subfield></datafield><datafield tag="500" ind1=" " ind2=" "><subfield code="a">Ms. codex.</subfield></datafield><datafield tag="510" ind1="4" ind2=" "><subfield code="a">Walz, Terence. "The Paper trade of Egypt and the Sudan in the eighteenth and nineteenth centuries and its re-export to the Bilad as-Sudan." In The Trans-Saharan book trade: manuscript culture, Arabic literacy, and intellectual history in Muslim Africa. Graziano Krätli and Ghislaine Lydon, Eds. (Leiden : Brill, 2011):</subfield><subfield code="c">73-108.</subfield></datafield><datafield tag="510" ind1="4" ind2=" "><subfield code="a">Brockelmann, C. GAL,</subfield><subfield code="c">I 449 ; S I 807</subfield></datafield><datafield tag="520" ind1="8" ind2=" "><subfield code="a">Careful copy of Ṣadr al-Dīn al-Qūnawī’s (d.1274) chief philosophical work, extensively glossed, with preface from Muḥammad ibn Ḥamzah al-Fanārī’s commentary Miṣbāḥ al-uns bayna al-maʻqūl wa-al-mashhūd.</subfield></datafield><datafield tag="538" ind1=" " ind2=" "><subfield code="a">Mode of access: Internet.</subfield></datafield><datafield tag="541" ind1=" " ind2=" "><subfield code="a">Acquired in the Fall of 1950.</subfield></datafield><datafield tag="546" ind1=" " ind2=" "><subfield code="a">Arabic.</subfield></datafield><datafield tag="561" ind1=" " ind2=" "><subfield code="a">On upper pastedown, label with ex libris of James Heyworth-Dunne (d.1974), stamped with inventory number, "Ex Libris | J. Heyworth-Dunne | D. Lit. (London) | No. 7937" ; UM Library inscription on p.3 "Dunning | Heyworth-Dunne | 6-11-51 | 71955" ; possible former inventory mark "231/53" on verso of final leaf (p.372) ; extensive glosses.</subfield></datafield><datafield tag="600" ind1="1" ind2="0"><subfield code="a">Ṣadr al-Dīn al-Qūnawī, Muḥammad ibn Isḥāq,</subfield><subfield code="d">d. 1273 or 4.</subfield><subfield code="t">Miftāḥ ghayb al-Jamʻ wa-al-wujūd.</subfield></datafield><datafield tag="650" ind1=" " ind2="0"><subfield code="a">Manuscripts, Arabic</subfield><subfield code="z">Michigan</subfield><subfield code="z">Ann Arbor.</subfield></datafield><datafield tag="650" ind1=" " ind2="0"><subfield code="a">God (Islam)</subfield><subfield code="v">Early works to 1800.</subfield></datafield><datafield tag="650" ind1=" " ind2="0"><subfield code="a">Islamic philosophy</subfield><subfield code="v">Early works to 1800.</subfield></datafield><datafield tag="700" ind1="1" ind2=" "><subfield code="a">Heyworth-Dunne, J.</subfield><subfield code="q">(James),</subfield><subfield code="e">former owner.</subfield></datafield><datafield tag="700" ind1="1" ind2="2"><subfield code="6">880-04</subfield><subfield code="a">Fanārī, Muḥammad ibn Ḥamzah,</subfield><subfield code="d">1350 or 1351-1430 or 1431.</subfield><subfield code="t">Miṣbāḥ al-uns.</subfield><subfield code="k">Selections.</subfield></datafield><datafield tag="773" ind1="0" ind2=" "><subfield code="a">Heyworth-Dunne Collection.</subfield></datafield><datafield tag="880" ind1="1" ind2="2"><subfield code="6">700-04/</subfield><subfield code="a">فاناري, محمد بن حمزة,</subfield><subfield code="t">مصباح الانس.</subfield><subfield code="k">مختارات.</subfield></datafield><datafield tag="880" ind1="1" ind2="0"><subfield code="6">245-03/</subfield><subfield code="a">مفتاح غيب الجمع والوجود,</subfield><subfield code="f">[193-م?].</subfield></datafield><datafield tag="880" ind1="1" ind2=" "><subfield code="6">100-01/</subfield><subfield code="a">صدر الدين القونوي، محمد بن إسحاق</subfield></datafield><datafield tag="CID" ind1=" " ind2=" "><subfield code="a">006833925</subfield></datafield><datafield tag="DAT" ind1="0" ind2=" "><subfield code="a">20190719102641.0</subfield><subfield code="b">20190719000000.0</subfield></datafield><datafield tag="DAT" ind1="1" ind2=" "><subfield code="a">20190719090653.0</subfield><subfield code="b">2019-07-19T16:12:12Z</subfield></datafield><datafield tag="DAT" ind1="2" ind2=" "><subfield code="a">2015-10-10T18:00:06Z</subfield></datafield><datafield tag="CAT" ind1=" " ind2=" "><subfield code="a">SDR-MIU</subfield><subfield code="d">EX LIBRIS - ALEPH</subfield><subfield code="l">prepare.pl-004-008</subfield></datafield><datafield tag="FMT" ind1=" " ind2=" "><subfield code="a">BK</subfield></datafield><datafield tag="HOL" ind1=" " ind2=" "><subfield code="0">sdr-miu006833925</subfield><subfield code="a">MiU</subfield><subfield code="b">SDR</subfield><subfield code="c">MIU</subfield><subfield code="p">mdp.39015079131804</subfield><subfield code="s">MIU</subfield><subfield code="1">006833925</subfield></datafield><datafield tag="974" ind1=" " ind2=" "><subfield code="b">MIU</subfield><subfield code="c">MIU</subfield><subfield code="d">20190719</subfield><subfield code="s">lit-dlps-dc</subfield><subfield code="u">mdp.39015079131804</subfield><subfield code="y">1939</subfield><subfield code="r">ic-world</subfield><subfield code="q">man</subfield></datafield></record></collection>